@misc{lehman2006biblatex,
  title={The biblatex package},
  author={Lehman, Philipp and Kime, Philip},
  year={2006}
}
@misc{OpenAI2023,
  author       = {OpenAI},
  title        = {ChatGPT: Language model},
  year         = {2023},
  url          = {https://www.openai.com/chatgpt},
  note         = {Accedido el 4 de noviembre de 2024},
}

